<?xml version="1.0" encoding="UTF-8"?><collection xmlns="http://www.loc.gov/MARC21/slim"><record><leader>00384nam--2200169-u-4500</leader><controlfield tag="001">000051150</controlfield><controlfield tag="002">20161230</controlfield><controlfield tag="005">20161230201049</controlfield><controlfield tag="008">080523s1000------------r-----000-0-eng-d</controlfield><datafield ind1=" " ind2=" " tag="040"><subfield code="a">IFIN-HH</subfield></datafield><datafield ind1=" " ind2=" " tag="080"><subfield code="a">512.8</subfield></datafield><datafield ind1="1" ind2=" " tag="100"><subfield code="a">Suprunenko,D.A</subfield></datafield><datafield ind1="1" ind2="0" tag="245"><subfield code="a">Gruppy Matrits</subfield></datafield><datafield ind1=" " ind2=" " tag="260"><subfield code="a">Moskva</subfield><subfield code="b">Nauka</subfield><subfield code="c">1972</subfield></datafield><datafield ind1=" " ind2=" " tag="300"><subfield code="a">351 p</subfield></datafield><datafield ind1=" " ind2=" " tag="852"><subfield code="a">75960</subfield><subfield code="c">512.831</subfield></datafield><datafield ind1=" " ind2=" " tag="CAT"><subfield code="a">Sys</subfield><subfield code="c">20080523</subfield><subfield code="h">091351</subfield></datafield></record></collection>